@book{Reid88,
  title={Undergraduate algebraic geometry},
  author={Reid, Miles},
  year={1988},
  publisher={Cambridge University Press Cambridge}
}

